@article{PhysRevB.64.024512,
  title = {Generalized Lanczos algorithm for variational quantum Monte Carlo},
  author = {Sorella, Sandro},
  journal = {Phys. Rev. B},
  volume = {64},
  issue = {2},
  pages = {024512},
  numpages = {16},
  year = {2001},
  month = {Jun},
  publisher = {American Physical Society},
  doi = {10.1103/PhysRevB.64.024512},
  url = {https://link.aps.org/doi/10.1103/PhysRevB.64.024512}
}

@article{doi:10.1063/1.1604379,
author = {Casula,Michele  and Sorella,Sandro },
title = {Geminal wave functions with Jastrow correlation: A first application to atoms},
journal = {The Journal of Chemical Physics},
volume = {119},
number = {13},
pages = {6500-6511},
year = {2003},
doi = {10.1063/1.1604379},

URL = { 
        https://doi.org/10.1063/1.1604379
    
},
eprint = { 
        https://doi.org/10.1063/1.1604379
    
}
}

@article{Toulouse2007,
archivePrefix = {arXiv},
arxivId = {physics/0701039},
author = {Toulouse, Julien and Umrigar, C. J.},
doi = {10.1063/1.2437215},
eprint = {0701039},
file = {:Users/shiveshpathak/Box Sync/Research/Literature/Wave Function Optimization/Umrigar{\_}2007{\_}Optimization of quantum Monte Carlo wave functions by energy minimization.pdf:pdf},
issn = {00219606},
journal = {Journal of Chemical Physics},
number = {8},
pages = {0--16},
pmid = {17343435},
primaryClass = {physics},
title = {{Optimization of quantum Monte Carlo wave functions by energy minimization}},
volume = {126},
year = {2007}
}

@article{Attaccalite2008,
author = {Attaccalite, Claudio and Sorella, Sandro},
doi = {10.1103/PhysRevLett.100.114501},
file = {:Users/shiveshpathak/Box Sync/Research/Literature/Wave Function Optimization/CutoffPaper/PhysRevLett.100.114501.pdf:pdf},
number = {March},
pages = {1--4},
title = {{Stable Liquid Hydrogen at High Pressure by a Novel Ab Initio Molecular-Dynamics Calculation}},
volume = {114501},
year = {2008}
}

@book{Avella,
author = {Avella, Adolfo and Mancini, Ferdinando and Methods, Numerical},
file = {:Users/shiveshpathak/Box Sync/Research/Literature/Wave Function Optimization/CutoffPaper/2013{\_}Book{\_}StronglyCorrelatedSystems.pdf:pdf},
isbn = {9783642351051},
title = {{Strongly Correlated Systems}}
}

@article{doi:10.1063/1.1286598,
author = {Assaraf,Roland  and Caffarel,Michel },
title = {Computing forces with quantum Monte Carlo},
journal = {The Journal of Chemical Physics},
volume = {113},
number = {10},
pages = {4028-4034},
year = {2000},
doi = {10.1063/1.1286598},

URL = { 
        https://doi.org/10.1063/1.1286598
    
},
eprint = { 
        https://doi.org/10.1063/1.1286598
    
}

}

@article{Assaraf2003,
author = {Assaraf, Roland and Caffarel, Michel},
doi = {10.1063/1.1621615},
file = {:Users/shiveshpathak/Box Sync/Research/Literature/Wave Function Optimization/CutoffPaper/ZVZB{\_}Forces{\_}JCP{\_}2003.pdf:pdf},
number = {20},
pages = {10536--10552},
title = {{Zero-variance zero-bias principle for observables in quantum Monte Carlo : Application to forces}},
volume = {119},
year = {2003}
}
